%% This BibTeX bibliography file was created using BibDesk.
%% http://bibdesk.sourceforge.net/


%% Created for Albert Zeyer at 2012-11-29 00:31:38 +0100 


%% Saved with string encoding Unicode (UTF-8) 



@article{PoorYuen07Comp,
	Author = {Poor, C. and Yuen, D.S.},
	Date-Added = {2012-11-28 23:30:47 +0000},
	Date-Modified = {2012-11-28 23:31:33 +0000},
	Journal = {Journal of the Mathematical Society of Japan},
	Number = {1},
	Pages = {185--222},
	Publisher = {Mathematical Society of Japan},
	Title = {Computations of spaces of Siegel modular cusp forms},
	Volume = {59},
	Year = {2007}}

@article{Raum11ImplModForm,
	Acmid = {2051589},
	Address = {Duluth, MN, USA},
	Author = {Raum, Martin},
	Date-Added = {2012-11-28 23:28:40 +0000},
	Date-Modified = {2012-11-28 23:31:38 +0000},
	Doi = {10.1016/j.jsc.2011.08.013},
	Issn = {0747-7171},
	Issue_Date = {December, 2011},
	Journal = {J. Symb. Comput.},
	Keywords = {Computation, Fourier expansions, Modular forms},
	Month = dec,
	Number = {12},
	Numpages = {19},
	Pages = {1336--1354},
	Publisher = {Academic Press, Inc.},
	Title = {How to implement a modular form},
	Url = {http://dx.doi.org/10.1016/j.jsc.2011.08.013},
	Volume = {46},
	Year = {2011},
	Bdsk-Url-1 = {http://dx.doi.org/10.1016/j.jsc.2011.08.013}}
